@BOOK
    {RRastall,
     AUTHOR  = {Richard Rastall},
     TITLE   = {The Notation of Western Music: An Introduction.},
     PUBLISHER = {St. Martin's Press},
     YEAR = {1982}
}

@BOOK
    {RTaruskin,
     AUTHOR  = {Richard Taruskin},
     TITLE   = {The Oxford History of Western Music},
     VOLUME = {1},
     PUBLISHER = {Oxford University Press},
     YEAR = {2005}
}

@BOOK
    {classroom,
     AUTHOR  = {Lois Rhea Land and Mary Ann Vaughan},
     TITLE   = {Music in today's classroom: creating, listening, performing},
     PUBLISHER = {Harcourt Brace Jovanovich, Inc},
     YEAR = {1978}
}

@BOOK
    {dictionary,
     AUTHOR  = {Dr. Hugo Riemann},
     TITLE   = {Dictionary of Music},
     PUBLISHER = {Da Capo Press},
     YEAR = {1970}
}

@BOOK
    {oxHistory,
     AUTHOR  = {Sylvia Townsend Warner},
     TITLE   = {The Oxford History of Music, Introductory Volume},
     CHAPTER = {3},
     PUBLISHER = {Oxford University Press},
     YEAR = {1929}
}

@ONLINE
{SheetMusicRant,
     AUTHOR  = {Jonathan Feist},
     TITLE   = {Sheet Music Cabinets: a rant},
     URL = {http://jonathanfeist.berkleemusicblogs.com/2012/08/07/sheet-music-cabinets-a-rant/},
     URLDATE = {2015-06-01},
     PRESORT="aa"
}
@ONLINE
{imslp,
     AUTHOR  = {IMSLP},
     TITLE   = {IMSLP/Petrucci Music Library},
     URL = {http://imslp.org},
     URLDATE = {2015-06-01},
     PRESORT="aa"
}

@ONLINE
{avid,
     AUTHOR  = {Avid},
     TITLE   = {Sibelius: the leading music composition and notation software},
     URL = {http://www.sibelius.com/home/index_flash.html},
     URLDATE = {2015-06-01},
     PRESORT="aa"
}

@ONLINE
{mxml,
     AUTHOR  = {{Make Music, Inc}},
     TITLE   = {MusicXML for Exchanging Digital Sheet Music},
     URL = {http://www.musicxml.com},
     URLDATE = {2015-06-01},
     PRESORT="aa"
}

@ONLINE
{pmus,
     AUTHOR  = {{The Python Foundation}},
     TITLE   = {Python in Music},
     URL = {https://wiki.python.org/moin/PythonInMusic},
     URLDATE = {2015-06-01},
     PRESORT="aa"
}

@ONLINE
{cofitfths,
     AUTHOR  = {Michael Pelletier},
     TITLE   = {The circle of fifths},
     URL = {http://www.circleoffifths.com/#axzz3O2lXCtlV},
     URLDATE = {2015-06-01},
     PRESORT="aa"
}

@ONLINE
{MuseTour,
     AUTHOR  = {{MuseScore}},
     TITLE   = {MuseScore Tour},
     URL = {http://musescore.org/en/musescore-tour},
     URLDATE = {2015-06-01},
     PRESORT="aa"
}
@ONLINE
{MuseShare,
     AUTHOR  = {{MuseScore}},
     TITLE   = {Sheet Music Sharing},
     URL = {http://musescore.com},
     URLDATE = {2015-06-01},
     PRESORT="aa"
}


@ONLINE
{Lilypond,
     AUTHOR  = {{Lilypond}},
     TITLE   = {Lilypond - Music notation for everyone},
     URL = {http://lilypond.org/index.html},
     URLDATE = {2015-06-01},
     PRESORT="aa"
}

@ONLINE
{Plugin,
     AUTHOR  = {{Make Music, Inc}},
     TITLE   = {Dolet 6 Plugin for Sibelius 5.1 and later},
     URL = {http://www.musicxml.com/dolet-plugin/dolet-6-plugin-for-sibelius-5-1-and-later/},
     URLDATE = {2015-06-01},
     PRESORT="aa"
}

@ONLINE
{audiveris,
     AUTHOR  = {Audiveris},
     TITLE   = {Open Music Scanner},
     URL = {https://audiveris.kenai.com},
     URLDATE = {2015-09-01},
     PRESORT="aa"
}


@ONLINE
{ocr,
     AUTHOR  = {OCR researcher},
     TITLE   = {OCR},
     URL = {https://awebsite.com},
     URLDATE = {2015-09-01},
     PRESORT="aa"
}

@ONLINE
{calypso,
     AUTHOR  = {iMobilTec},
     TITLE   = {Calypso Jam - sheet music and fakebook organizer},
     URL = {https://itunes.apple.com/gb/app/calypso-jam-sheet-music-fakebook/id586636769?mt=8},
     DATE = {2013-12-20},
     URLDATE = {2015-01-11},
     PRESORT="aa"
}


@ONLINE
{musicocr,
     AUTHOR  = {MOCR researcher},
     TITLE   = {OCR},
     URL = {https://awebsite.com},
     URLDATE = {2015-09-01},
     PRESORT="aa"
}