@BOOK
    {RRastall,
     AUTHOR  = {Richard Rastall},
     TITLE   = {The Notation of Western Music: An Introduction.},
     PUBLISHER = {St. Martin's Press},
     YEAR = {1982},
     PRESORT="aa"
}

@BOOK
    {mvc,
     AUTHOR  = {Adam Freeman and Steven Sanderson},
     TITLE   = {Pro ASP.NET MVC 3 Framework},
     PUBLISHER = {Apress},
     URL = {http://link.springer.com/book/10.1007%2F978-1-4302-3405-0},
     YEAR = {2011},
     PRESORT="aa"
}


@ONLINE
    {sqliteusers,
    TITLE = {Well-Known Users Of SQLite},
    URL = {https://www.sqlite.org/famous.html},
    AUTHOR = {SQLite},
    URLDATE = {2015-05-06},
    PRESORT="aa"
    }


@ONLINE
    {finale,
    TITLE = {Finale File Extensions and Icons},
    URL = {http://www.finalemusic.com/UserManuals/Finale2014Win/Content/Finale/Finale_File_Extensions.htm},
    AUTHOR = {Make Music, Inc},
    URLDATE = {2015-05-06},
    PRESORT="aa"
    }

@ONLINE
    {pypi,
    TITLE = {Index of Packages Matching 'musicxml' : Python Package Index},
    URL = {https://pypi.python.org/pypi?%3Aaction=search&term=musicxml&submit=search},
    AUTHOR = {The Python Software Foundation},
    URLDATE = {2015-05-06},
    PRESORT="aa"
    }
    
    
@ONLINE
    {pipiano,
    TITLE = {PiPiano - Raspberry Pi add-on board | Indiegogo},
    URL = {https://www.indiegogo.com/projects/pipiano-raspberry-pi-add-on-board},
    AUTHOR = {Zachary Igielman},
    URLDATE = {2015-05-06},
    PRESORT="aa"
    }
    



@BOOK
    {modular,
     AUTHOR  = {Sarnath Ramnath and Brahma Dathan},
     TITLE   = {Object-Oriented Analysis and Design},
     PUBLISHER = {Springer},
     URL = {http://link.springer.com/book/10.1007%2F978-1-84996-522-4},
     YEAR = {2011},
     PRESORT="aa"
}



@ONLINE
    {mysql,
    TITLE = {MySQL :: Introducing the MySQL Installer for Windows},
    URL = {https://dev.mysql.com/tech-resources/articles/mysql-installer-for-windows.html},
    AUTHOR = {Oracle},
    URLDATE = {2015-05-05},
    PRESORT="aa"
    }

@ONLINE
    {mongod,
    TITLE = {When to Use MongoDB Rather than MySQL (or Other RDBMS): The Billing Example},
    URL = {http://java.dzone.com/articles/when-use-mongodb-rather-mysql},
    AUTHOR = {Moshe Kaplan},
    URLDATE = {2015-05-05},
    DATE = {2014-03-03},
    PRESORT="aa"
    }

@ONLINE
    {ExpressionLilypond,
    TITLE = {LilyPond Notation Reference: 1.3.1 Expressive marks attached to notes},
    URL = {http://lilypond.org/doc/v2.18/Documentation/notation/expressive-marks-attached-to-notes},
    AUTHOR = {Lilypond},
    URLDATE = {2015-05-04},
    PRESORT="aa"
    }
    
@ONLINE
    {forward,
    TITLE = {Multipart Music},
    URL = {http://www.musicxml.com/tutorial/the-midi-compatible-part/multi-part-music/},
    AUTHOR = {{Make Music, Inc.}},
    URLDATE = {2015-05-04},
    PRESORT="aa"
    }
    

@ONLINE
    {MusicLibrarian,
    TITLE = {Music Librarianship},
    URL = {https://www.musiclibraryassoc.org/?page=MusicLibrarianship},
    AUTHOR = {{The Music Librarian Association}},
    URLDATE = {2015-04-30},
    PRESORT="aa"
    }

@ONLINE
    {musicReader,
    TITLE = {MusicReader - digital music stand software - display sheet music on Tablet PCs, laptops or desktops - electronic music stand},
    URL = {http://www.musicreader.net},
    AUTHOR = {{Leoné MusicReader B.V.}},
    URLDATE = {2015-04-28},
    PRESORT="aa"
    }
    
@ONLINE
    {LilypondTestcase,
    TITLE = {Unofficial MusicXML Test Suite},
    URL = {http://www.lilypond.org/doc/v2.18/input/regression/musicxml/collated-files#t_g31-_002e_002e_002e-dynamics-and-other-single-symbols},
    AUTHOR = {Lilypond},
    URLDATE = {2015-05-01},
    PRESORT="aa"
    }
    
    
@ONLINE
    {forScore,
    TITLE = {forScore | about},
    URL = {http://forscore.co/about/#organized},
    AUTHOR = {{ForScore LLC}},
    URLDATE = {2015-04-08},
    PRESORT="aa"
    }
    
    
@ONLINE
    {MusicXMLPresentation,
    TITLE = {Beyond PDF - Exchange and Publish Scores with MusicXML},
    URL = {http://www.musicxml.com/wp-content/uploads/2013/04/MusicXML-Musikmesse-2013.pdf},
    AUTHOR = {{Make Music, Inc.}},
    URLDATE = {2015-04-08},
    PRESORT="aa"
    }
    
@ONLINE
    {PythonDom,
    TITLE = {19.8 xml.dom - The Document Object Model api},
    URL = {https://docs.python.org/2/library/xml.dom.html},
    AUTHOR = {{The Python Foundation}},
    URLDATE = {2015-04-08},
    PRESORT="aa"
    }
    
@ONLINE
    {PythonSQLite,
    TITLE = {11.13. sqlite3 — DB-API 2.0 interface for SQLite databases — Python 2.7.10rc0 documentation},
    URL = {https://docs.python.org/2/library/sqlite3.html},
    AUTHOR = {{The Python Foundation}},
    URLDATE = {2015-04-28},
    PRESORT="aa"
    }
    
@ONLINE
    {PythonTCL,
    TITLE = {TKinter - Python Wiki},
    URL = {https://wiki.python.org/moin/TkInter},
    AUTHOR = {{The Python Foundation}},
    URLDATE = {2015-04-08},
    PRESORT="aa"
    }
    
    
    @ONLINE
    {PIL,
    TITLE = {Python Imaging Library - PythonWare},
    URL = {http://www.pythonware.com/products/pil/},
    AUTHOR = {PythonWare},
    URLDATE = {2015-04-28},
    PRESORT="aa"
    }
    
    
    
@ONLINE
    {SQLiteConsortium,
    TITLE = {SQLite Consortium},
    URL = {https://www.sqlite.org/consortium.html},
    AUTHOR = {{The SQLite Foundation}},
    URLDATE = {2015-04-08},
    PRESORT="aa"
    }
    
    @ONLINE
    {MySQLAPI,
    TITLE = {MySQL :: MySQL 3.23, 4.0, 4.1 Reference Manual :: 17 Connectors and APIs},
    URL = {http://dev.mysql.com/doc/refman/4.1/en/connectors-apis.html},
    AUTHOR = {Oracle},
    URLDATE = {2015-04-08},
    PRESORT="aa"
    }
    
    
    
    
@ONLINE
    {musixtex,
    TITLE = {MusiXTex and Related Software},
    URL = {http://icking-music-archive.org/software/htdocs/index.html},
    AUTHOR = {Bob Tenent},
    URLDATE = {2015-04-08},
    PRESORT="aa"
    }
    
@ONLINE
    {GuiProgramming,
    TITLE = {GuiProgramming - Python Wiki},
    URL = {https://wiki.python.org/moin/GuiProgramming},
    AUTHOR = {{The Python Foundation}},
    URLDATE = {2015-04-08},
    PRESORT="aa"
    }
    
    
    
@ONLINE
    {PythonSax,
    TITLE = {20.9 xml.sax - Support for SAX2 Parsers},
    URL = {https://docs.python.org/3/library/xml.sax.html},
    AUTHOR = {{The Python Foundation}},
    URLDATE = {2015-04-08},
    PRESORT="aa"
    }
    
@ONLINE
    {SQLiteBTree,
    TITLE = {SQLite BTree module},
    URL = {https://www.sqlite.org/btreemodule.html},
    AUTHOR = {{SQLite}},
    URLDATE = {2015-04-08},
    PRESORT="aa"
    }
    
@ONLINE
    {SQLite,
    TITLE = {SQLite History},
    URL = {http://www.faircom.com/ace/enl_22_s12_t.php},
    AUTHOR = {{Faircom}},
    URLDATE = {2015-04-08},
    PRESORT="aa"
    }
    
@ONLINE
    {Peachnote,
    TITLE = {Peachnote Ngram Viewer},
    URL = {http://www.peachnote.com},
    AUTHOR = {{Peachnote}},
    URLDATE = {2015-04-08},
    PRESORT="aa"
    }
    
 
    
    @ONLINE
    {cc-nc,
    TITLE = {Creative Commons Attribution-NonCommercial 3.0 Unported},
    URL = {https://creativecommons.org/licenses/by-nc/3.0/},
    AUTHOR = {{Creative Commons}},
    URLDATE = {2015-04-22},
    PRESORT="aa"
    }


@BOOK
    {Kaufman,
     AUTHOR  = {Walter Kaufman},
     TITLE   = {Musical Notations of the Orient},
     PUBLISHER = {Indiana University Press},
     YEAR = {1967},
     PRESORT="aa"
}

@ARTICLE
    {ACM,
     AUTHOR  = {Rudolf Mayer and Andreas Rauber and Pedro. J. Ponce de León and Carlos Pérez-Sancho and José M. Iñesta},
     TITLE = {Feature Selection in a Cartesian Ensemble of Feature Subspace Classifiers for Music Categorisation},
     JOURNAL  = {3rd international workshop on Machine learning and music},
     PAGES = {53-56},
     URL = {http://delivery.acm.org/10.1145/1880000/1878021/p53-mayer.pdf?ip=150.237.127.21&id=1878021&acc=ACTIVE%20SERVICE&key=BF07A2EE685417C5%2EB052FA0818D6DC5F%2E4D4702B0C3E38B35%2E4D4702B0C3E38B35&CFID=671453543&CFTOKEN=80072866&__acm__=1430750884_eb1c3ed242ca832a1a80bc9f9df2abcc},
     PUBLISHER = {ACM},
     YEAR = {2010},
     PRESORT="aa"
}



@ARTICLE
    {InternationalConf,
     AUTHOR  = {T. Fujisaki and T. Chefalas and J. Kim and C.C. Tappert},
     TITLE = {Online Recognizer for Runon Handprinted Characters},
     JOURNAL  = {10th International Conference on Pattern Recognition},
     VOLUME = {1},
     PUBLISHER = {IEEE Computer Society Press},
     YEAR = {1990},
     PRESORT="aa"
}



@ARTICLE
 {pakitan,
    AUTHOR = {Quratul-Ain Arshad and Wazir Zada Khan and Zohair Ihsan},
    TITLE = {Overview of Algorithms and Techniques for Optical Music Recognition},
    URL = {http://www.academia.edu/782397/Overview_of_Algorithms_and_Techniques_for_Optical_Music_Recognition},
    PUBLISHER = {COMSATS Institute of Information Technology, Wah Cantt, Pakitan},
    YEAR = {2009},
    PRESORT="aa"
    
    }

@ARTICLE
 {creativeMachines,
    AUTHOR = {Geraint A. Wiggins and Marcus T. Pearce and Daniel Mullensiefen},
    TITLE = {Computational Modelling of Music Cognition and Musical Creativity},
    URL = {http://citeseerx.ist.psu.edu/viewdoc/download?doi=10.1.1.335.8126&rep=rep1&type=pdf},
    PUBLISHER = {Goldsmiths, University of London},
    YEAR = {2009},
    PRESORT="aa"
    
    }

@ARTICLE
    {MIR,
     AUTHOR  = {J. Stephen Downie},
     TITLE = {Music Information Retrieval},
     JOURNAL  = {Annual Review of Information Science and Technology 37},
     URL = {http://www.music.mcgill.ca/~ich/classes/mumt611_06/downie_mir_arist37.pdf},
     YEAR = {2003},
     PRESORT="aa"
}

@ONLINE
    {mscoreBugTracker,
    TITLE = {Issues on All projects | MuseScore},
    URL = {https://musescore.org/en/project/issues?text=musicxml&status=Open&priorities=All&categories=All&tag=},
    AUTHOR = {{MuseScore}},
    DATE = {2013-08-27},
    PRESORT="aa"
    }


@ONLINE
    {AvidScorch,
    TITLE = {Avid Scorch on the App Store on iTunes},
    URL = {https://itunes.apple.com/app/avid-scorch/id436394592},
    AUTHOR = {{Avid}},
    URLDATE = {2015-01-11},
    DATE = {2013-08-27},
    PRESORT="aa"
    }
@ONLINE
    {Scorcerer,
    TITLE = {Purchase},
    URL = {http://www.deskew.com/products/scorecerer-desktop-pro.html},
    AUTHOR = {{Deskew Technologies}},
    URLDATE = {2015-01-11},
    DATE = {2011},
    PRESORT="aa"
    }
    
@ONLINE
    {Pscore,
    TITLE = {PhotoScore Ultimate},
    URL = {http://www.sibelius.com/products/photoscore/ultimate.html},
    AUTHOR = {{Avid}},
    URLDATE = {2015-01-11},
    DATE = {2015},
    PRESORT="aa"
    }
    
    
@ONLINE
    {Redmonk,
    TITLE = {Github Language Trends and the Fragmenting Landscape},
    URL = {http://redmonk.com/dberkholz/2014/05/02/github-language-trends-and-the-fragmenting-landscape/},
    AUTHOR = {{Redmonk}},
    URLDATE = {2015-01-11},
    DATE = {2014-05-02},
    PRESORT="aa"
    }
    
@ONLINE
    {PowerMusic,
    TITLE = {http://www.sightread.co.uk/power-music.html},
    URL = {http://www.sightread.co.uk/power-music.html},
    AUTHOR = {{SightRead Ltd.}},
    URLDATE = {2015-01-11},
    DATE = {2015-01-02},
    PRESORT="aa"
    }
@ONLINE
    {WX,
    TITLE = {PDF viewer - wxPython (phoenix) documentation},
    URL = {http://wxpython.org/Phoenix/docs/html/lib.pdfviewer.html},
    AUTHOR = {{The wxPython Team}},
    URLDATE = {2015-01-11},
    DATE = {2012-09-14},
    PRESORT="aa"
    }
    

@ONLINE
    {Foundation2,
    TITLE = {Python 2 or Python 3? - The Python Foundation},
    URL = {https://wiki.python.org/moin/Python2orPython3 },
    AUTHOR = {{The Python Foundation}},
    URLDATE = {2015-01-11},
    DATE = {2012-09-14},
    PRESORT="aa"
    }
@ONLINE
    {mxmlSoft,
    TITLE = {Software - MusicXML},
    URL = {http://www.musicxml.com/software/},
    AUTHOR = {{Make Music, Inc}},
    URLDATE = {2015-01-11},
    DATE = {2012-09-14},
    PRESORT="aa"
    }



@ONLINE
    {musicOrganising,
    TITLE = {Organize Your Sheet Music – What’s Your System?},
    URL = {http://harpmastery.com/organize-your-sheet-music-whats-your-system/},
    AUTHOR = {Anne Sullivan},
    URLDATE = {2015-01-11},
    DATE = {2012-09-14},
    PRESORT="aa"
    }
    
    
@ONLINE
    {MonoDev,
    TITLE = {The Mono Development Project},
    URL = {http://www.mono-project.com/docs/about-mono/languages/csharp/},
    AUTHOR = {{The Mono Project}},
    URLDATE = {2015-01-11},
    YEAR = {2015},
    PRESORT="aa"
    }
@BOOK
    {RTaruskin,
     AUTHOR  = {Richard Taruskin},
     TITLE   = {The Oxford History of Western Music},
     VOLUME = {1},
     PUBLISHER = {Oxford University Press},
     YEAR = {2005},
     PRESORT="aa"
}
@BOOK
    {TDD,
     AUTHOR  = {James W. Newkirk and Alexei A. Vorontsov},
     TITLE   = {Test-Driven Development in Microsoft .NET},
     PUBLISHER = {Microsoft Press},
     YEAR = {2004},
     PRESORT="aa"
}


@BOOK
    {classroom,
     AUTHOR  = {Lois Rhea Land and Mary Ann Vaughan},
     TITLE   = {Music in today's classroom: creating, listening, performing},
     PUBLISHER = {Harcourt Brace Jovanovich, Inc},
     YEAR = {1978},
     PRESORT="aa"
}

@BOOK
    {dictionary,
     AUTHOR  = {Dr. Hugo Riemann},
     TITLE   = {Dictionary of Music},
     PUBLISHER = {Da Capo Press},
     YEAR = {1970},
     PRESORT="aa"
}

@BOOK
    {oxHistory,
     AUTHOR  = {Sylvia Townsend Warner},
     TITLE   = {The Oxford History of Music, Introductory Volume},
     CHAPTER = {3},
     PUBLISHER = {Oxford University Press},
     YEAR = {1929},
     PRESORT="aa"
}

@ONLINE
{SheetMusicRant,
     AUTHOR  = {Jonathan Feist},
     TITLE   = {Sheet Music Cabinets: a rant},
     URL = {http://jonathanfeist.berkleemusicblogs.com/2012/08/07/sheet-music-cabinets-a-rant/},
     DATE= {2012-08-07},
     URLDATE = {2015-06-01},
     PRESORT="aa"
}
@ONLINE
{imslp,
     AUTHOR  = {IMSLP},
     TITLE   = {IMSLP/Petrucci Music Library},
     URL = {http://imslp.org},
     URLDATE = {2015-06-01},
     PRESORT="aa"
}

@ONLINE
{avid,
     AUTHOR  = {Avid},
     TITLE   = {Sibelius: the leading music composition and notation software},
     URL = {http://www.sibelius.com/home/index_flash.html},
     URLDATE = {2015-06-01},
     PRESORT="aa"
}

@ONLINE
{mxml,
     AUTHOR  = {{Make Music, Inc.}},
     TITLE   = {MusicXML for Exchanging Digital Sheet Music},
     URL = {http://www.musicxml.com},
     URLDATE = {2015-01-06},
     PRESORT="aa"
}

@ONLINE
{sonicpi,
     AUTHOR  = {Sam Aaron},
     TITLE   = {Sonic Pi},
     URL = {http://sonic-pi.net},
     URLDATE = {2015-01-06},
     PRESORT="aa"
}



@ONLINE
{pmus,
     AUTHOR  = {{The Python Foundation}},
     TITLE   = {Python in Music},
     URL = {https://wiki.python.org/moin/PythonInMusic},
     URLDATE = {2015-06-01},
     PRESORT="aa"
}

@ONLINE
{cofitfths,
     AUTHOR  = {Michael Pelletier},
     TITLE   = {The circle of fifths},
     URL = {http://www.circleoffifths.com/#axzz3O2lXCtlV},
     URLDATE = {2015-06-01},
     PRESORT="aa"
}

@ONLINE
{MuseTour,
     AUTHOR  = {{MuseScore}},
     TITLE   = {MuseScore Tour},
     URL = {http://musescore.org/en/musescore-tour},
     URLDATE = {2015-06-01},
     PRESORT="aa"
}
@ONLINE
{MuseShare,
     AUTHOR  = {{MuseScore}},
     TITLE   = {Sheet Music Sharing},
     URL = {http://musescore.com},
     URLDATE = {2015-06-01},
     PRESORT="aa"
}


@ONLINE
{Lilypond,
     AUTHOR  = {{Lilypond}},
     TITLE   = {Lilypond - Music notation for everyone},
     URL = {http://lilypond.org/index.html},
     URLDATE = {2015-06-01},
     PRESORT="aa"
}

@ONLINE
{Plugin,
     AUTHOR  = {{Make Music, Inc.}},
     TITLE   = {Dolet 6 Plugin for Sibelius 5.1 and later},
     URL = {http://www.musicxml.com/dolet-plugin/dolet-6-plugin-for-sibelius-5-1-and-later/},
     URLDATE = {2015-06-01},
     PRESORT="aa"
}

@ONLINE
{audiveris,
     AUTHOR  = {Audiveris},
     TITLE   = {Open Music Scanner},
     URL = {https://audiveris.kenai.com},
     URLDATE = {2015-09-01},
     PRESORT="aa"
}


@ONLINE
{ocr,
     AUTHOR  = {OCR researcher},
     TITLE   = {OCR},
     URL = {https://awebsite.com},
     URLDATE = {2015-09-01},
     PRESORT="aa"
}

@ONLINE
{calypso,
     AUTHOR  = {iMobilTec},
     TITLE   = {Calypso Jam - sheet music and fakebook organizer},
     URL = {https://itunes.apple.com/gb/app/calypso-jam-sheet-music-fakebook/id586636769?mt=8},
     DATE = {2013-12-20},
     URLDATE = {2015-11-01},
     PRESORT="aa"
}


@ONLINE
{musicocr,
     AUTHOR  = {David Bainbridge and Tim Bell},
     TITLE   = {The Challenge of Optical Music Recognition},
     URL = {http://www.eecs.harvard.edu/~cat/cs/omr/docs/bainbridge-bell-challenge-of-omr.pdf},
     YEAR = {2001},
     URLDATE = {2015-01-14},
     PRESORT="aa"
}
@ONLINE
{Music21,
     AUTHOR  = {MIT},
     TITLE   = {Music21: A toolkit for computer-aided Musicology},
     URL = {http://web.mit.edu/music21/},
     DATE = {2013-11-04},
     URLDATE = {2015-01-13},
     PRESORT="aa"
}

